<?xml version="1.0" encoding="UTF-8"?><collection xmlns="http://www.loc.gov/MARC21/slim"><record><leader>00590nam--2200193-i-4500</leader><controlfield tag="001">000020230</controlfield><controlfield tag="002">20161230</controlfield><controlfield tag="005">20161230201033</controlfield><controlfield tag="008">060222s1000------------r-----000-0-eng-d</controlfield><datafield ind1=" " ind2=" " tag="020"><subfield code="a">044485312X</subfield></datafield><datafield ind1=" " ind2=" " tag="040"><subfield code="a">IFIN-HH</subfield></datafield><datafield ind1=" " ind2=" " tag="080"><subfield code="a">537.622.4:538.955:621.318.1</subfield></datafield><datafield ind1="1" ind2=" " tag="100"><subfield code="a">Wohlfarth, E.P</subfield></datafield><datafield ind1="1" ind2="0" tag="245"><subfield code="a">Ferromagnetic materials</subfield><subfield code="b">A handbook on the properties of magnetically ordered substances</subfield><subfield code="c">E.p. wohfarth (ed.)</subfield></datafield><datafield ind1=" " ind2=" " tag="260"><subfield code="a">Amsterdam</subfield><subfield code="b">North-holland Publishing Company</subfield><subfield code="c">1980</subfield></datafield><datafield ind1=" " ind2=" " tag="300"><subfield code="a">2 VOLUME</subfield></datafield><datafield ind1="1" ind2=" " tag="787"><subfield code="a">Vol. 2</subfield><subfield code="h">592p</subfield></datafield><datafield ind1=" " ind2=" " tag="852"><subfield code="a">47879</subfield><subfield code="c">537:538</subfield></datafield><datafield ind1=" " ind2=" " tag="CAT"><subfield code="a">Sys</subfield><subfield code="c">20110623</subfield><subfield code="h">143808</subfield></datafield></record></collection>